@inproceedings{G_Davis_2018,
  title={2020: Life with 50 billion connected devices},
  author={Davis, Gary},
  booktitle={2018 IEEE International Conference on Consumer Electronics (ICCE)},
  pages={1--1},
  year={2018},
  organization={IEEE}
}

@techreport{ieee1999ansi,
  title={ANSI/IEEE std. 802.11, 1999 edition: Wireless LAN medium access control (MAC) and physical layer (PHY) specifications},
  author={IEEE 802.11 Working Group and others},
  year={1999},
  institution={Technical report, ANSI/IEEE}
}

@book{perahia2013next,
  title={Next generation wireless LANs: 802.11 n and 802.11 ac},
  author={Perahia, Eldad and Stacey, Robert},
  year={2013},
  publisher={Cambridge university press}
}

@inproceedings{Bach_Mihaljevic_Zagar_2018,
  title={Comparative analysis of blockchain consensus algorithms},
  author={Bach, LM and Mihaljevic, Branko and Zagar, Mario},
  booktitle={2018 41st International Convention on Information and Communication Technology, Electronics and Microelectronics (MIPRO)},
  pages={1545--1550},
  year={2018},
  organization={IEEE}
}

@article{ti_lethaby2017wireless,
  title={Wireless connectivity for the Internet of Things: One size does not fit all},
  author={Lethaby, Nick},
  journal={Texas Instruments},
  pages={2--10},
  year={2017}
}

@inproceedings{manet_drone_semenova2015network,
  title={Network challenges in mobile group robotics: MANET approach},
  author={Semenova, Anastasia and Solodkov, Alexey},
  booktitle={2015 Internet Technologies and Applications (ITA)},
  pages={181--185},
  year={2015},
  organization={IEEE}
}

@article{Lamport_1983,
  title={The weak Byzantine generals problem},
  author={Lamport, Leslie},
  journal={Journal of the ACM (JACM)},
  volume={30},
  number={3},
  pages={668--676},
  year={1983},
  publisher={ACM New York, NY, USA}
}

@incollection{iov_wu2016internet,
  title={Internet of Vehicles and applications},
  author={Wu, Weigang and Yang, Zhiwei and Li, Keqin},
  booktitle={Internet of Things},
  pages={299--317},
  year={2016},
  publisher={Elsevier}
}

@article{iot_survey_cilfone2019wireless,
  title={Wireless mesh networking: An IoT-oriented perspective survey on relevant technologies},
  author={Cilfone, Antonio and Davoli, Luca and Belli, Laura and Ferrari, Gianluigi},
  journal={Future Internet},
  volume={11},
  number={4},
  pages={99},
  year={2019},
  publisher={Multidisciplinary Digital Publishing Institute}
}

@inproceedings{disney_glaropoulos2013enhanced,
  title={Enhanced IEEE 802.11 power saving for multi-hop toy-to-toy communication},
  author={Glaropoulos, Ioannis and Mangold, Stefan and Vukadinovic, Vladimir},
  booktitle={2013 IEEE International Conference on Green Computing and Communications and IEEE Internet of Things and IEEE Cyber, Physical and Social Computing},
  pages={603--610},
  year={2013},
  organization={IEEE}
}

@article{Orostica_Nunez_2019,
  title={Robust gossiping for distributed average consensus in IoT environments},
  author={Or{\'o}stica, Boris and N{\'u}{\~n}ez, Felipe},
  journal={IEEE Access},
  volume={7},
  pages={994--1005},
  year={2018},
  publisher={IEEE}
}

@inproceedings{raft_paper,
  title={In search of an understandable consensus algorithm},
  author={Ongaro, Diego and Ousterhout, John},
  booktitle={2014 $\{$USENIX$\}$ Annual Technical Conference ($\{$USENIX$\}$$\{$ATC$\}$ 14)},
  pages={305--319},
  year={2014}
}

@techreport{tsitsiklis1984problems,
  title={Problems in decentralized decision making and computation.},
  author={Tsitsiklis, John Nikolas},
  year={1984},
  institution={Massachusetts Inst of Tech Cambridge Lab for Information and Decision Systems}
}

@article{Kar_Moura_2010,
  title={Distributed consensus algorithms in sensor networks: Quantized data and random link failures},
  author={Kar, Soummya and Moura, Jos{\'e} MF},
  journal={IEEE Transactions on Signal Processing},
  volume={58},
  number={3},
  pages={1383--1400},
  year={2009},
  publisher={IEEE}
}

@article{Olfati_Saber_Fax_Murray_2007,
  title={Consensus and cooperation in networked multi-agent systems},
  author={Olfati-Saber, Reza and Fax, J Alex and Murray, Richard M},
  journal={Proceedings of the IEEE},
  volume={95},
  number={1},
  pages={215--233},
  year={2007},
  publisher={IEEE}
}

@misc{optical_zeitgeist_laboratory_2011, 
  title={WiFi mesh networks}, url={http://www.zeitgeistlab.ca/doc/wifi-mesh-networks.html}, 
  journal={Optical Zeitgeist Laboratory}, 
  year={2011}
} 
 
@inproceedings{lee2007comparative,
  title={A comparative study of wireless protocols: Bluetooth, UWB, ZigBee, and Wi-Fi},
  author={Lee, Jin-Shyan and Su, Yu-Wei and Shen, Chung-Chou},
  booktitle={IECON 2007-33rd Annual Conference of the IEEE Industrial Electronics Society},
  pages={46--51},
  year={2007},
  organization={Ieee}
}

@article{barghi2019practicalpower,
  title={A practical sleep coordination and management scheme with duty cycle control for energy sustainable IEEE 802.11 s wireless mesh networks},
  author={Barghi, Hadi and Azhari, Seyed Vahid},
  journal={Wireless Networks},
  volume={25},
  number={5},
  pages={2511--2536},
  year={2019},
  publisher={Springer}
}

@article{bansal2020iotsurveydevices,
  title={IoT Ecosystem: A Survey on Devices, Gateways, Operating Systems, Middleware and Communication},
  author={Bansal, Sharu and Kumar, Dilip},
  journal={International Journal of Wireless Information Networks},
  pages={1--25},
  year={2020},
  publisher={Springer}
}

@manual{espressif:esp8266,
    organization  = "Espressif Systems",
    title         = "ESP8266EX Datasheet",
    year          =  2020,
    month         =  7,    
    note          = "V6.5"
}

@online{esp-mesh-docs,
  author="Espressif Systems",
  title="{ESP-MESH}",
  url="https://docs.espressif.com/projects/esp-idf/en/latest/esp32/api-guides/mesh.html",
  note="(2020, Oct 6)",
}

@inproceedings{consensus_systems_survey,
  title={A brief survey of recent advances in consensus of sampled-data multi-agent systems},
  author={Ge, Xiaohua and Han, Qing-Long},
  booktitle={IECON 2016-42nd Annual Conference of the IEEE Industrial Electronics Society},
  pages={6758--6763},
  year={2016},
  organization={IEEE}
}

@article{Ge_Han_2017,
  title={Consensus of multiagent systems subject to partially accessible and overlapping Markovian network topologies},
  author={Ge, Xiaohua and Han, Qing-Long},
  journal={IEEE transactions on cybernetics},
  volume={47},
  number={8},
  pages={1807--1819},
  year={2016},
  publisher={IEEE}
}

@article{Ge_Han_Ding_Zhang_Ning_2018,
  title={A survey on recent advances in distributed sampled-data cooperative control of multi-agent systems},
  author={Ge, Xiaohua and Han, Qing-Long and Ding, Derui and Zhang, Xian-Ming and Ning, Boda},
  journal={Neurocomputing},
  volume={275},
  pages={1684--1701},
  year={2018},
  publisher={Elsevier}
}

@inproceedings{paxos_vs_raft,
  title={Paxos vs Raft: Have we reached consensus on distributed consensus?},
  author={Howard, Heidi and Mortier, Richard},
  booktitle={Proceedings of the 7th Workshop on Principles and Practice of Consistency for Distributed Data},
  pages={1--9},
  year={2020}
}

@misc{Coracle,
  author = {Howard, Heidi},
  title = {Coracle},
  year = {2015},
  publisher = {GitHub},
  journal = {GitHub repository},
  howpublished = {\url{https://github.com/consensus-oracle/coracle}},
  commit = {7a1eca417f419d2fdccc55dd73bf711cd63d293c}
}

@inproceedings{howardCoracleEvaluatingConsensus2015,
  title={Coracle: evaluating consensus at the internet edge},
  author={Howard, Heidi and Crowcroft, Jon},
  booktitle={Proceedings of the 2015 ACM Conference on Special Interest Group on Data Communication},
  pages={85--86},
  year={2015}
}

@article{ConsensusClassDiscretetime,
  title={Consensus of a class of discrete-time nonlinear multi-agent systems in the presence of communication delays},
  author={Hu, Haiyun and Lin, Zongli},
  journal={ISA transactions},
  volume={71},
  pages={10--20},
  year={2017},
  publisher={Elsevier}
}

@article{hassijaSchedulingDroneCharging2020,
  title={Scheduling drone charging for multi-drone network based on consensus time-stamp and game theory},
  author={Hassija, Vikas and Saxena, Vikas and Chamola, Vinay},
  journal={Computer Communications},
  volume={149},
  pages={51--61},
  year={2020},
  publisher={Elsevier}
}
 
@online{ESP8266_NONOS_V1_1_0_Release_Notes,
  author="Espressif Systems",
  title="{ESP8266 NONOS V1.1.0 Release Notes}",
  url="https://bbs.espressif.com/viewtopic.php?f=46&t=481&p=1832&hilit=max_connection#p1832",
  note="(May 2015)",
}

@article{chabukswardesign,
  title={Design and Experimental Analysis of Magnetic Climbing Robot},
  author={Chabukswar, Mansi S and Nanwatkar, Ravikant K and Bagde, Aparna M},
  year={2019},
  month=December
}

@article{ali2011distributed,
  title={Distributed efficient multi hop clustering protocol for mobile sensor networks.},
  author={Ali, Shahzad and Madani, Sajjad Ahmad},
  journal={Int. Arab J. Inf. Technol.},
  volume={8},
  number={3},
  pages={302--309},
  year={2011}
}

@article{ren2007information,
  title={Information consensus in multivehicle cooperative control},
  author={Ren, Wei and Beard, Randal W and Atkins, Ella M},
  journal={IEEE Control systems magazine},
  volume={27},
  number={2},
  pages={71--82},
  year={2007},
  publisher={IEEE}
}

@inproceedings{moreau2004stability,
  title={Stability of continuous-time distributed consensus algorithms},
  author={Moreau, Luc},
  booktitle={2004 43rd IEEE conference on decision and control (CDC)(IEEE Cat. No. 04CH37601)},
  volume={4},
  pages={3998--4003},
  year={2004},
  organization={IEEE}
}

@article{munoz2017adaptive,
  title={Adaptive consensus algorithms for real-time operation of multi-agent systems affected by switching network events},
  author={Mu{\~n}oz, Filiberto and Espinoza Quesada, Eduardo Steed and La, Hung M and Salazar, Sergio and Commuri, Sesh and Garcia Carrillo, Luis Rodolfo},
  journal={International Journal of Robust and Nonlinear Control},
  volume={27},
  number={9},
  pages={1566--1588},
  year={2017},
  publisher={Wiley Online Library}
}

@article{chen2020achieving,
  title={Achieving Robust and Efficient Consensus for Large-Scale Drone Swarm},
  author={Chen, Wu and Liu, Jiajia and Guo, Hongzhi},
  journal={IEEE Transactions on Vehicular Technology},
  year={2020},
  publisher={IEEE}
}

@article{akyildiz2005wireless,
  title={Wireless mesh networks: a survey},
  author={Akyildiz, Ian F and Wang, Xudong and Wang, Weilin},
  journal={Computer networks},
  volume={47},
  number={4},
  pages={445--487},
  year={2005},
  publisher={Elsevier}
}

@article{karatas2020multi,
  title={A multi-objective bi-level location problem for heterogeneous sensor networks with hub-spoke topology},
  author={Karatas, Mumtaz},
  journal={Computer Networks},
  volume={181},
  pages={107551},
  year={2020},
  publisher={Elsevier}
}
