 @inproceedings{G_Davis_2018, title={2020: Life with 50 billion connected devices}, ISBN={2158-4001}, DOI={10/ghcm26}, note={00021 
journalAbbreviation: 2018 IEEE International Conference on Consumer Electronics (ICCE)}, booktitle={2018 IEEE International Conference on Consumer Electronics (ICCE)}, author={G. Davis}, year={2018}, month={Jan}, pages={1–1} }

@techreport{ieee1999ansi,
  title={ANSI/IEEE std. 802.11, 1999 edition: Wireless LAN medium access control (MAC) and physical layer (PHY) specifications},
  author={IEEE 802.11 Working Group and others},
  year={1999},
  institution={Technical report, ANSI/IEEE}
}

@book{perahia2013next,
  title={Next generation wireless LANs: 802.11 n and 802.11 ac},
  author={Perahia, Eldad and Stacey, Robert},
  year={2013},
  publisher={Cambridge university press}
}


 @inproceedings{Bach_Mihaljevic_Zagar_2018, title={Comparative analysis of blockchain consensus algorithms}, DOI={10/gfwwmn}, note={00155}, booktitle={2018 41st International Convention on Information and Communication Technology, Electronics and Microelectronics (MIPRO)}, author={Bach, L. M. and Mihaljevic, B. and Zagar, M.}, year={2018}, month={May}, pages={1545–1550} }

@article{ti_lethaby2017wireless,
  title={Wireless connectivity for the Internet of Things: One size does not fit all},
  author={Lethaby, Nick},
  journal={Texas Instruments},
  pages={2--10},
  year={2017}
}

@inproceedings{manet_drone_semenova2015network,
  title={Network challenges in mobile group robotics: MANET approach},
  author={Semenova, Anastasia and Solodkov, Alexey},
  booktitle={2015 Internet Technologies and Applications (ITA)},
  pages={181--185},
  year={2015},
  organization={IEEE}
}

 @article{Lamport_1983, title={The Weak Byzantine Generals Problem}, volume={30}, ISSN={0004-5411, 1557-735X}, DOI={10.1145/2402.322398}, note={00177}, number={3}, journal={Journal of the ACM}, author={Lamport, L.}, year={1983}, month={Jul}, pages={668–676} }

@incollection{iov_wu2016internet,
  title={Internet of Vehicles and applications},
  author={Wu, Weigang and Yang, Zhiwei and Li, Keqin},
  booktitle={Internet of Things},
  pages={299--317},
  year={2016},
  publisher={Elsevier}
}

@article{iot_survey_cilfone2019wireless,
  title={Wireless mesh networking: An IoT-oriented perspective survey on relevant technologies},
  author={Cilfone, Antonio and Davoli, Luca and Belli, Laura and Ferrari, Gianluigi},
  journal={Future Internet},
  volume={11},
  number={4},
  pages={99},
  year={2019},
  publisher={Multidisciplinary Digital Publishing Institute}
}

@inproceedings{disney_glaropoulos2013enhanced,
  title={Enhanced IEEE 802.11 power saving for multi-hop toy-to-toy communication},
  author={Glaropoulos, Ioannis and Mangold, Stefan and Vukadinovic, Vladimir},
  booktitle={2013 IEEE International Conference on Green Computing and Communications and IEEE Internet of Things and IEEE Cyber, Physical and Social Computing},
  pages={603--610},
  year={2013},
  organization={IEEE}
}

@article{Orostica_Nunez_2019, title={Robust Gossiping for Distributed Average Consensus in IoT Environments}, volume={7}, ISSN={2169-3536}, DOI={10.1109/ACCESS.2018.2886130}, note={00004}, journal={IEEE Access}, author={Oróstica, Boris and Núñez, Felipe}, year={2019}, pages={994–1005} }

@inproceedings{raft_paper,
  title={In search of an understandable consensus algorithm},
  author={Ongaro, Diego and Ousterhout, John},
  booktitle={2014 $\{$USENIX$\}$ Annual Technical Conference ($\{$USENIX$\}$$\{$ATC$\}$ 14)},
  pages={305--319},
  year={2014}
}

@techreport{tsitsiklis1984problems,
  title={Problems in decentralized decision making and computation.},
  author={Tsitsiklis, John Nikolas},
  year={1984},
  institution={Massachusetts Inst of Tech Cambridge Lab for Information and Decision Systems}
}

@article{Kar_Moura_2010, title={Distributed Consensus Algorithms in Sensor Networks: Quantized Data and Random Link Failures}, volume={58}, ISSN={1941-0476}, DOI={10/bkxrnj}, note={00368}, number={3}, journal={IEEE Transactions on Signal Processing}, author={Kar, Soummya and Moura, José M. F.}, year={2010}, month={Mar}, pages={1383–1400} }

@article{Olfati_Saber_Fax_Murray_2007, title={Consensus and Cooperation in Networked Multi-Agent Systems}, volume={95}, ISSN={1558-2256}, DOI={10/fcqt8f}, note={08505}, number={1}, journal={Proceedings of the IEEE}, author={Olfati-Saber, Reza and Fax, J. Alex and Murray, Richard M.}, year={2007}, month={Jan}, pages={215–233} }

 @misc{optical_zeitgeist_laboratory_2011, title={WiFi mesh networks}, url={http://www.zeitgeistlab.ca/doc/wifi-mesh-networks.html}, journal={Optical Zeitgeist Laboratory}, year={2011}} 
 
@inproceedings{lee2007comparative,
  title={A comparative study of wireless protocols: Bluetooth, UWB, ZigBee, and Wi-Fi},
  author={Lee, Jin-Shyan and Su, Yu-Wei and Shen, Chung-Chou},
  booktitle={IECON 2007-33rd Annual Conference of the IEEE Industrial Electronics Society},
  pages={46--51},
  year={2007},
  organization={Ieee}
}

@article{barghi2019practicalpower,
  title={A practical sleep coordination and management scheme with duty cycle control for energy sustainable IEEE 802.11 s wireless mesh networks},
  author={Barghi, Hadi and Azhari, Seyed Vahid},
  journal={Wireless Networks},
  volume={25},
  number={5},
  pages={2511--2536},
  year={2019},
  publisher={Springer}
}

@article{bansal2020iotsurveydevices,
  title={IoT Ecosystem: A Survey on Devices, Gateways, Operating Systems, Middleware and Communication},
  author={Bansal, Sharu and Kumar, Dilip},
  journal={International Journal of Wireless Information Networks},
  pages={1--25},
  year={2020},
  publisher={Springer}
}

@manual{espressif:esp8266,
    organization  = "Espressif Systems",
    title         = "ESP8266EX Datasheet",
    year          =  2020,
    month         =  7,    
    note          = "V6.5"
}

@online{esp-mesh-docs,
  author="Espressif Systems",
  title="{ESP-MESH}",
  url="https://docs.espressif.com/projects/esp-idf/en/latest/esp32/api-guides/mesh.html",
  note="(2020, Oct 6)",
}

 @inproceedings{consensus_systems_survey, title={A brief survey of recent advances in consensus of sampled-data multi-agent systems}, DOI={10/ghd72k}, note={00003}, booktitle={IECON 2016 - 42nd Annual Conference of the IEEE Industrial Electronics Society}, author={Ge, Xiaohua and Han, Qing-Long}, year={2016}, month={Oct}, pages={6758–6763} }

 @article{Ge_Han_2017, title={Consensus of Multiagent Systems Subject to Partially Accessible and Overlapping Markovian Network Topologies}, volume={47}, ISSN={2168-2275}, DOI={10/gbpcb6}, note={00142}, number={8}, journal={IEEE Transactions on Cybernetics}, author={Ge, Xiaohua and Han, Qing-Long}, year={2017}, month={Aug}, pages={1807–1819} }


 @article{Ge_Han_Ding_Zhang_Ning_2018, title={A survey on recent advances in distributed sampled-data cooperative control of multi-agent systems}, volume={275}, ISSN={09252312}, DOI={10/gcs446}, note={00183}, journal={Neurocomputing}, author={Ge, Xiaohua and Han, Qing-Long and Ding, Derui and Zhang, Xian-Ming and Ning, Boda}, year={2018}, month={Jan}, pages={1684–1701} }
 
@inproceedings{paxos_vs_raft, place={Heraklion Greece}, title={Paxos vs Raft: have we reached consensus on distributed consensus?}, ISBN={978-1-4503-7524-5}, url={https://dl.acm.org/doi/10.1145/3380787.3393681}, DOI={10/gg225c}, note={00001}, booktitle={Proceedings of the 7thWorkshop on Principles and Practice of Consistency for Distributed Data}, publisher={ACM}, author={Howard, Heidi and Mortier, Richard}, year={2020}, month={Apr}, pages={1–9} }

@misc{Coracle,
  author = {Howard, Heidi},
  title = {Coracle},
  year = {2015},
  publisher = {GitHub},
  journal = {GitHub repository},
  howpublished = {\url{https://github.com/consensus-oracle/coracle}},
  commit = {7a1eca417f419d2fdccc55dd73bf711cd63d293c}
}


@article{howardCoracleEvaluatingConsensus2015,
	title = {Coracle: {Evaluating} {Consensus} at the {Internet} {Edge}},
	volume = {45},
	issn = {0146-4833},
	shorttitle = {Coracle},
	url = {https://dl.acm.org/doi/10.1145/2829988.2790010},
	doi = {10.1145/2829988.2790010},
	language = {en},
	number = {4},
	urldate = {2020-11-23},
	journal = {ACM SIGCOMM Computer Communication Review},
	author = {Howard, Heidi and Crowcroft, Jon},
	month = sep,
	year = {2015},
	pages = {85--86}
}